

@misc{brabaint,
	Author = {Thomas Braibant},
	Date-Added = {2014-01-16 14:06:44 +0000},
	Date-Modified = {2014-01-16 14:08:34 +0000},
	Howpublished = {Available online \url{http://gallium.inria.fr/blog/your-first-coq-plugin/}},
	Title = {Emancipate yourself from {Ltac}},
	Year = {2012}}

@incollection{reflection,
	Author = {Paul van der Walt and Wouter Swierstra},
	Booktitle = {Implementation and Application of Functional Languages},
	Date-Added = {2014-01-16 14:06:06 +0000},
	Date-Modified = {2014-01-16 14:06:24 +0000},
	Doi = {10.1007/978-3-642-41582-1_10},
	Editor = {Hinze, Ralf},
	Isbn = {978-3-642-41581-4},
	Keywords = {Dependently-typed programming; Reflection; Agda; Proof by reflection; Metaprogramming},
	Language = {English},
	Pages = {157-173},
	Publisher = {Springer Berlin Heidelberg},
	Series = {Lecture Notes in Computer Science},
	Title = {Engineering Proof by Reflection in Agda},
	Url = {http://dx.doi.org/10.1007/978-3-642-41582-1_10},
	Year = {2013},
	Bdsk-Url-1 = {http://dx.doi.org/10.1007/978-3-642-41582-1_10}}

@inproceedings{stutterheim,
	Author = {Stutterheim, Jurri\"en and Swierstra, Wouter and Swierstra, Doaitse},
	Booktitle = {Proceedings First International Workshop on Trends in Functional Programming in Education, University of St. Andrews, Scotland, UK, 11th June 2012},
	Date-Added = {2014-01-16 14:02:19 +0000},
	Date-Modified = {2014-01-16 14:10:21 +0000},
	Pages = {50--62},
	Series = {Electronic Proceedings in Theoretical Computer Science},
	Title = {Forty hours of declarative programming: Teaching Prolog at the Junior College Utrecht},
	Volume = {106},
	Year = {2013}}

@misc{ulf-tphols,
	Author = {Ulf Norell},
	Date-Added = {2014-01-16 13:59:34 +0000},
	Date-Modified = {2014-01-16 13:59:55 +0000},
	Howpublished = {Invited talk at TPHOLS},
	Title = {Playing with {Agda}},
	Year = {2009}}

@phdthesis{agda,
	Author = {Ulf Norell},
	Date-Added = {2014-01-16 13:58:49 +0000},
	Date-Modified = {2014-01-16 14:00:03 +0000},
	School = {Department of Computer Science and Engineering, Chalmers University of Technology},
	Title = {Towards a practical programming language based on dependent type theory},
	Year = {2007}}

@misc{coq,
	Author = {The Coq development team},
	Date-Added = {2014-01-16 13:58:02 +0000},
	Date-Modified = {2014-01-16 13:58:37 +0000},
	Howpublished = {Logical Project},
	Title = {The {Coq} proof assistant reference manual},
	Year = {2004}}

@inproceedings{lindblad,
	Author = {Fredrik Lindblad and Marcin Benke},
	Booktitle = {Proceedings of the 2004 International Conference on Types for Proofs and Programs},
	Date-Added = {2014-01-16 13:57:00 +0000},
	Date-Modified = {2014-01-16 13:58:01 +0000},
	Pages = {154--169},
	Publisher = {Springer-Verlag},
	Title = {A tool for automated theorem proving in {Agda}},
	Year = {2004}}

@misc{ring,
	Author = {Wojciech Jedynak},
	Date-Added = {2014-01-16 13:56:21 +0000},
	Date-Modified = {2014-01-16 13:56:54 +0000},
	Howpublished = {Code available from \url{https://github.com/wjzz/Agda-reflection-for-semiring-solver},},
	Title = {Agda semiring solver},
	Year = {2013}}

@book{chlipala,
	Author = {Adam Chlipala},
	Date-Added = {2014-01-16 13:55:57 +0000},
	Date-Modified = {2014-01-16 14:09:06 +0000},
	Publisher = {MIT Press},
	Title = {Certified programming with dependent types},
	Year = {2013}}

@unpublished{allais,
	Author = {Guillaume Allais},
	Date-Added = {2014-01-16 13:55:16 +0000},
	Date-Modified = {2014-01-16 14:09:31 +0000},
	Note = {MSc Intern report, University of Nottingham},
	Title = {Proof automatization using reflection (implementations in {Agda})},
	Year = {2010}}
