@PREAMBLE{ {\providecommand{\noopsort}[1]{}} }

@misc{agda-relnotes-228,
	Author = {{Agda developers}},
	Date-Added = {2014-01-17 14:49:17 +0000},
	Date-Modified = {2014-01-17 14:49:17 +0000},
	Howpublished = {The Agda Wiki: \url{http://wiki.portal.chalmers.se/agda/agda.php?n=Main.Version-2-2-8} and \url{http://wiki.portal.chalmers.se/agda/agda.php?n=Main.Version-2-3-0}},
	Note = {[Online; accessed 9-Feb-2013]},
	Title = {Agda release notes, regarding reflection},
	Year = 2013}

@mastersthesis{vdWalt:Thesis:2012,
	Address = {Utrecht, The Netherlands},
	Author = {{\noopsort{Walt}}{van der Walt}, Paul},
	Date-Added = {2014-01-17 14:49:12 +0000},
	Date-Modified = {2014-01-17 14:49:12 +0000},
	Note = {available online, \url{http://igitur-archive.library.uu.nl/student-theses/2012-1030-200720/UUindex.html}},
	School = {Department of Computer Science, Utrecht University},
	Title = {{Reflection in Agda}},
	Year = 2012}

@inproceedings{template-haskell,
	Author = {Tim Sheard and Simon {Peyton Jones}},
	Booktitle = {{Proceedings of the 2002 ACM SIGPLAN workshop on Haskell}},
	Date-Added = {2014-01-17 14:47:58 +0000},
	Date-Modified = {2014-01-17 14:47:58 +0000},
	Doi = {10.1145/581690.581691},
	Pages = {1--16},
	Title = {Template meta-programming for {Haskell}},
	Year = 2002,
	Bdsk-Url-1 = {http://doi.acm.org/10.1145/581690.581691},
	Bdsk-Url-2 = {http://dx.doi.org/10.1145/581690.581691}}

@inproceedings{metaml,
	Author = {Taha, Walid and Sheard, Tim},
	Booktitle = {{Proceedings of the 1997 ACM SIGPLAN symposium on Partial evaluation and semantics-based program manipulation}},
	Date-Added = {2014-01-17 14:47:54 +0000},
	Date-Modified = {2014-01-17 14:47:54 +0000},
	Doi = {10.1145/258993.259019},
	Location = {Amsterdam, The Netherlands},
	Series = {PEPM '97},
	Title = {Multi-stage programming with explicit annotations},
	Url = {http://doi.acm.org/10.1145/258993.259019},
	Year = 1997,
	Bdsk-Url-1 = {http://doi.acm.org/10.1145/258993.259019},
	Bdsk-Url-2 = {http://dx.doi.org/10.1145/258993.259019}}

@inproceedings{lisp-macros,
	Author = {Pitman, Kent M},
	Booktitle = {Proceedings of the 1980 {ACM} conference on {LISP} and functional programming},
	Date-Added = {2014-01-17 14:47:36 +0000},
	Date-Modified = {2014-01-17 14:47:36 +0000},
	Organization = {ACM},
	Pages = {179--187},
	Title = {Special forms in {Lisp}},
	Year = {1980}}

@misc{brabaint,
	Author = {Thomas Braibant},
	Date-Added = {2014-01-16 14:06:44 +0000},
	Date-Modified = {2014-01-16 14:08:34 +0000},
	Howpublished = {Available online \url{http://gallium.inria.fr/blog/your-first-coq-plugin/}},
	Title = {Emancipate yourself from {Ltac}},
	Year = {2012}}

@incollection{van-der-walt,
	Author = {Paul van der Walt and Wouter Swierstra},
	Booktitle = {Implementation and Application of Functional Languages},
	Date-Added = {2014-01-16 14:06:06 +0000},
	Date-Modified = {2014-01-16 14:06:24 +0000},
	Doi = {10.1007/978-3-642-41582-1_10},
	Editor = {Hinze, Ralf},
	Isbn = {978-3-642-41581-4},
	Keywords = {Dependently-typed programming; Reflection; Agda; Proof by reflection; Metaprogramming},
	Language = {English},
	Pages = {157-173},
	Publisher = {Springer Berlin Heidelberg},
	Series = {Lecture Notes in Computer Science},
	Title = {Engineering Proof by Reflection in Agda},
	Url = {http://dx.doi.org/10.1007/978-3-642-41582-1_10},
	Year = {2013},
	Bdsk-Url-1 = {http://dx.doi.org/10.1007/978-3-642-41582-1_10}}

@inproceedings{stutterheim,
	Author = {Stutterheim, Jurri\"en and Swierstra, Wouter and Swierstra, Doaitse},
	Booktitle = {Proceedings First International Workshop on Trends in Functional Programming in Education, University of St. Andrews, Scotland, UK, 11th June 2012},
	Date-Added = {2014-01-16 14:02:19 +0000},
	Date-Modified = {2014-01-16 14:10:21 +0000},
	Pages = {50--62},
	Series = {Electronic Proceedings in Theoretical Computer Science},
	Title = {Forty hours of declarative programming: Teaching Prolog at the Junior College Utrecht},
	Volume = {106},
	Year = {2013}}

@misc{ulf-tphols,
	Author = {Ulf Norell},
	Date-Added = {2014-01-16 13:59:34 +0000},
	Date-Modified = {2014-01-16 13:59:55 +0000},
	Howpublished = {Invited talk at TPHOLS},
	Title = {Playing with {Agda}},
	Year = {2009}}

@phdthesis{agda,
	Author = {Ulf Norell},
	Date-Added = {2014-01-16 13:58:49 +0000},
	Date-Modified = {2014-01-16 14:00:03 +0000},
	School = {Department of Computer Science and Engineering, Chalmers University of Technology},
	Title = {Towards a practical programming language based on dependent type theory},
	Year = {2007}}

@misc{coq,
	Author = {The Coq development team},
	Date-Added = {2014-01-16 13:58:02 +0000},
	Date-Modified = {2014-01-16 13:58:37 +0000},
	Howpublished = {Logical Project},
	Title = {The {Coq} proof assistant reference manual},
	Year = {2004}}

@inproceedings{lindblad,
	Author = {Fredrik Lindblad and Marcin Benke},
	Booktitle = {Proceedings of the 2004 International Conference on Types for Proofs and Programs},
	Date-Added = {2014-01-16 13:57:00 +0000},
	Date-Modified = {2014-01-16 13:58:01 +0000},
	Pages = {154--169},
	Publisher = {Springer-Verlag},
	Title = {A tool for automated theorem proving in {Agda}},
	Year = {2004}}

@misc{ring,
	Author = {Wojciech Jedynak},
	Date-Added = {2014-01-16 13:56:21 +0000},
	Date-Modified = {2014-01-16 13:56:54 +0000},
	Howpublished = {Code available from \url{https://github.com/wjzz/Agda-reflection-for-semiring-solver},},
	Title = {Agda semiring solver},
	Year = {2013}}

@book{chlipala,
	Author = {Adam Chlipala},
	Date-Added = {2014-01-16 13:55:57 +0000},
	Date-Modified = {2014-01-16 14:09:06 +0000},
	Publisher = {MIT Press},
	Title = {Certified programming with dependent types},
	Year = {2013}}

@unpublished{allais,
	Author = {Guillaume Allais},
	Date-Added = {2014-01-16 13:55:16 +0000},
	Date-Modified = {2014-01-16 14:09:31 +0000},
	Note = {MSc Intern report, University of Nottingham},
	Title = {Proof automatization using reflection (implementations in {Agda})},
	Year = {2010}}

@article{unification,
author = {Conor McBride},
title = {First-order unification by structural recursion},
journal = {Journal of Functional Programming},
volume = {13},
issue = {06},
month = {11},
year = {2003},
issn = {1469-7653},
pages = {1061--1075},
numpages = {15},
doi = {10.1017/S0956796803004957},
URL = {http://journals.cambridge.org/article_S0956796803004957},
}

@inproceedings{instance-args,
 author = {Devriese, Dominique and Piessens, Frank},
 title = {On the Bright Side of Type Classes: Instance Arguments in Agda},
 booktitle = {Proceedings of the 16th ACM SIGPLAN International Conference on Functional Programming},
 series = {ICFP '11},
 year = {2011},
 location = {Tokyo, Japan},
 pages = {143--155},
 doi = {10.1145/2034773.2034796},
 publisher = {ACM}

} 
@article{idris,
author = {Brady,Edwin},
title = {Idris, a general-purpose dependently typed programming language: Design and implementation},
journal = {Journal of Functional Programming},
volume = {23},
issue = {05},
month = {9},
year = {2013},
issn = {1469-7653},
pages = {552--593},
numpages = {42},
doi = {10.1017/S095679681300018X},
URL = {http://journals.cambridge.org/article_S095679681300018X},
}

@book{haskell-report,
  title={Haskell 98 language and libraries: the revised report},
  editor={Peyton Jones, Simon},
  year={2003},
  publisher={Cambridge University Press}
}